@article{fama1993common,
  title={Common risk factors in the returns on stocks and bonds},
  author={Fama, Eugene F and French, Kenneth R},
  journal={Journal of financial economics},
  volume={33},
  number={1},
  pages={3--56},
  year={1993},
  publisher={Elsevier}
},
@article{stambaugh2012short,
  title={The short of it: Investor sentiment and anomalies},
  author={Stambaugh, Robert F and Yu, Jianfeng and Yuan, Yu},
  journal={Journal of Financial Economics},
  volume={104},
  number={2},
  pages={288--302},
  year={2012},
  publisher={Elsevier}
},
@techreport{chu2017causal,
  title={The causal effect of limits to arbitrage on asset pricing anomalies},
  author={Chu, Yongqiang and Hirshleifer, David and Ma, Liang},
  year={2017},
  institution={National Bureau of Economic Research}
},
@article{novy2013other,
  title={The other side of value: The gross profitability premium},
  author={Novy-Marx, Robert},
  journal={Journal of Financial Economics},
  volume={108},
  number={1},
  pages={1--28},
  year={2013},
  publisher={Elsevier}
},
@article{ohlson1980financial,
  title={Financial ratios and the probabilistic prediction of bankruptcy},
  author={Ohlson, James A},
  journal={Journal of accounting research},
  pages={109--131},
  year={1980},
  publisher={JSTOR}
},
@article{baker2016measuring,
  title={Measuring economic policy uncertainty},
  author={Baker, Scott R and Bloom, Nicholas and Davis, Steven J},
  journal={The quarterly journal of economics},
  volume={131},
  number={4},
  pages={1593--1636},
  year={2016},
  publisher={Oxford University Press}
},
@article{pastor2003liquidity,
  title={Liquidity risk and expected stock returns},
  author={P{\'a}stor, L'ubo{\v{s}} and Stambaugh, Robert F},
  journal={Journal of Political economy},
  volume={111},
  number={3},
  pages={642--685},
  year={2003},
  publisher={The University of Chicago Press}
}